<record><leader>00000cas a22000007a 4500</leader><controlfield tag="001">22300802</controlfield><controlfield tag="008">900831d187118uunyuwr ne      0    0eng d</controlfield><datafield ind1=" " ind2=" " tag="010"><subfield code="a">sn 90066515 </subfield></datafield><datafield ind1=" " ind2=" " tag="040"><subfield code="a">NYS</subfield><subfield code="b">eng</subfield><subfield code="c">NYS</subfield><subfield code="d">OCLCQ</subfield></datafield><datafield ind1=" " ind2=" " tag="042"><subfield code="a">msc</subfield></datafield><datafield ind1="0" ind2="0" tag="245"><subfield code="a">Dundee telegraph.</subfield></datafield><datafield ind1=" " ind2=" " tag="260"><subfield code="a">Dundee, Yates County, N.Y. :</subfield><subfield code="b">William Drysdale</subfield></datafield><datafield ind1=" " ind2=" " tag="300"><subfield code="a">v. ;</subfield><subfield code="c">60 cm.</subfield></datafield><datafield ind1=" " ind2=" " tag="310"><subfield code="a">Weekly</subfield></datafield><datafield ind1="1" ind2=" " tag="362"><subfield code="a">Began Nov. 30, 1871?</subfield></datafield><datafield ind1=" " ind2=" " tag="500"><subfield code="a">Publishers: William Drysdale, &lt;July 11, 1872&gt;; O.B. Robinson, &lt;Aug. 29, 1872&gt;.</subfield></datafield><datafield ind1=" " ind2=" " tag="500"><subfield code="a">Publishers: William Drysdale, &lt;1872&gt;; O.B. Robinson, &lt;1872&gt;.</subfield></datafield><datafield ind1=" " ind2=" " tag="588"><subfield code="a">Description based on: Vol. 1, no. 32 (July 11, 1872).</subfield></datafield><datafield ind1=" " ind2="4" tag="651"><subfield code="a">Dundee (N.Y.)</subfield><subfield code="v">Newspapers.</subfield></datafield><datafield ind1=" " ind2=" " tag="752"><subfield code="a">United States</subfield><subfield code="b">New York</subfield><subfield code="c">Yates</subfield><subfield code="d">Dundee.</subfield></datafield><datafield ind1="1" ind2=" " tag="029"><subfield code="a">AU@</subfield><subfield code="b">000025869153</subfield></datafield></record>